@Book{knuth1990,
    author    = {Knuth, Donald E.},
    title     = {The {\TeX}book},
    year      = {1990},
    isbn      = {0-201-13447-0},
    publisher = {Addison\,\textendash\,Wesley},
}